@inproceedings{cunha2011investigating,
  title={Investigating the impact of deployment configuration and user demand on a social network application in the amazon ec2 cloud},
  author={Cunha, Matheus and Mendon{\c{c}}a, Nabor and Sampaio, Am{\'e}rico},
  booktitle={Cloud Computing Technology and Science (CloudCom), 2011 IEEE Third International Conference on},
  pages={746--751},
  year={2011},
  organization={IEEE}
}
@MastersThesis{cunha2012ambiente,
  author={Cunha, Matheus Cir{\i}aco Cerqueira},
  title={Um Ambiente Program{\'a}vel para Avaliar o Desempenho de Aplica{\c{c}}oes em Nuvens de Infraestrutura},
  year={2012},
  school={Universidade de Fortaleza}
}
@inproceedings{iosup2011performance,
  title={On the performance variability of production cloud services},
  author={Iosup, Alexandru and Yigitbasi, Nezih and Epema, Dick},
  booktitle={Cluster, Cloud and Grid Computing (CCGrid), 2011 11th IEEE/ACM International Symposium on},
  pages={104--113},
  year={2011},
  organization={IEEE}
}
@inproceedings{jayasinghe2011variations,
  title={Variations in performance and scalability when migrating n-tier applications to different clouds},
  author={Jayasinghe, Deepal and Malkowski, Simon and Wang, Qingyang and Li, Jack and Xiong, Pengcheng and Pu, Calton},
  booktitle={Cloud Computing (CLOUD), 2011 IEEE International Conference on},
  pages={73--80},
  year={2011},
  organization={IEEE}
}
@article{li2011cloudprophet,
  title={CloudProphet: predicting web application performance in the cloud},
  author={Li, Ang and Zong, Xuanran and Zhang, Ming and Kandula, Srikanth and Yang, Xiaowei},
  journal={ACM SIGCOMM Poster},
  year={2011}
}
@article{rodero2010infrastructure,
  title={From infrastructure delivery to service management in clouds},
  author={Rodero-Merino, Luis and Vaquero, Luis M and Gil, Victor and Gal{\'a}n, Ferm{\'\i}n and Font{\'a}n, Javier and Montero, Rub{\'e}n S and Llorente, Ignacio M},
  journal={Future Generation Computer Systems},
  volume={26},
  number={8},
  pages={1226--1240},
  year={2010},
  publisher={Elsevier}
}
@inproceedings{silva2013cloudbench,
  title={CloudBench: Experiment Automation for Cloud Environments},
  author={Silva, Marcio and Hines, Michael R and Gallo, Diego and Liu, Qi and Ryu, Kyung Dong and da Silva, Dilma},
  booktitle={Cloud Engineering (IC2E), 2013 IEEE International Conference on},
  pages={302--311},
  year={2013},
  organization={IEEE}
}
@Unpublished{ appengine,
	author = "AppEngine",
	title = "Google App Engine",
	note= "\url{http://code.google.com/intl/en/appengine/}",
	year = "2012"
}
@Unpublished{azure,
	author = "Azure",
	title = "Windows Azure Platform",
	note= "\url{http://www.windowsazure.com/}",
	year = "2012"
}
@Unpublished{ rackspace,
	author = "Rackspace",
	title = {The Rackspace Cloud},
	note = {\url{http://www.rackspacecloud.com/}},
	year = {2012},
}
@Unpublished{ rightscale,
	author = "RightScale",
	title = {Right Scale Cloud Management Plataform},
	note = {\url{http://www.rightscale.com/}},
	year = {2012},
}
@Unpublished{ rightscale_autoscaling ,
	author = "Right Scale",
	title = "Sales Force",
	note= "\url{http://support.rightscale.com/03-Tutorials/02-AWS/02-Website_Edition/Set_up_Autoscaling_using_Voting_Tags}",
	year = "2010"
}
@Unpublished{ cloudharmony,
	author = "CloudHarmony",
	title = {CloudHarmony Benchmarking the Cloud},
	note = {\url{http://cloudharmony.com/benchmarks}},
	year = {2014}
}
@Unpublished{ cloudops,
	author = "CloudOps",
	title = {CloudOps},
	note = {\url{http://www.cloudops.com/services/cloudops-research/}},
	year = {2014}
}
@Article{uni4cloud,
  author = 	 {Américo Sampaio and Matheus Cunha and Nabor Mendonça and Marcelo Barros and Thiago Leite and Roberto Costa and Michel Vasconcelos},
  title = 	 {Uni4Cloud - Uma Abordagem para Implantação de Aplicações sobre Múltiplas Nuvens de Infra-estrutura},
  journal = 	 {Workshop em Clouds, Grids e Aplicações - Simpósio Brasileiro de Redes de Computadores},
  year = 	 {2010},
  OPTmonth = 	 {may}
}
@Unpublished{ ec2,
	author = "EC2",
	title = {Amazon Elastic Compute Cloud},
	note = {\url{http://aws.amazon.com/ec2}},
	year = {2012}
}
@Unpublished{ s3,
	author = "S3",
	title = {Amazon Simple Storage Service},
	note = {\url{http://aws.amazon.com/s3}},
	year = {2012}
}
@Unpublished{ ebs,
	author = "EBS",
	title = {Amazon Elastic Block Store},
	note = {\url{http://aws.amazon.com/ebs/}},
	year = {2012}
}
@Unpublished{ amazon_auto,
	author = "Amazon",
	title = {Amazon Auto Scaling},
	note = {\url{http://aws.amazon.com/autoscaling/}},
	year = {2012},
}
@Unpublished{ amazon_watch,
	author = "Amazon",
	title = {Amazon CloudWatch},
	note = {\url{http://aws.amazon.com/cloudwatch/}},
	year = {2012},
}
@conference{jayasinghe2012,
  title={{Expertus: A Generator Approach to Automate Performance Testing in IaaS Clouds}},
  author={Jayasinghe, D. and Swint, G. and Malkowski, S. and Li, J. and Wang, Q. and Park, J. and Pu, C},
  booktitle={Cloud Computing (CLOUD), 2012 IEEE International Conference on},
  pages={73--80},
  year={2012},
  organization={IEEE Computer Society}
}
@conference{sobel2008cloudstone,
  title={{Cloudstone: Multi-platform, multi-language benchmark and measurement tools for web 2.0}},
  author={Sobel, W. and Subramanyam, S. and Sucharitakul, A. and Nguyen, J. and Wong, H. and Patil, S. and Fox, A. and Patterson, D.},
  booktitle={Proc. of CCA},
  year={2008},
  organization={Citeseer}
}
@article{armbrust2010view,
  title={A view of cloud computing},
  author={Armbrust, M. and Fox, A. and Griffith, R. and Joseph, A.D. and Katz, R. and Konwinski, A. and Lee, G. and Patterson, D. and Rabkin, A. and Stoica, I. and others},
  journal={Communications of the ACM},
  volume={53},
  number={4},
  pages={50--58},
  year={2010},
  publisher={ACM}
}
@article{armbrust2009above,
  title={{Above the clouds: A berkeley view of cloud computing}},
  author={Armbrust, M. and Fox, A. and Griffith, R. and Joseph, A.D. and Katz, R.H. and Konwinski, A. and Lee, G. and Patterson, D.A. and Rabkin, A. and Stoica, I. and others},
  journal={EECS Department, University of California, Berkeley, Tech. Rep. UCB/EECS-2009-28},
  year={2009},
  publisher={Citeseer}
}
@Unpublished{ objectweb2005rubbos,
	author = {OW2},
	title = {RUBBoS: Bulletin board benchmark},
	note = {\url{http://jmob.ow2.org/rubbos.html}},
	year = {2012}
}
@inproceedings{cunhaavalia,
  title={Avaliação do Custo por Usuário de uma Aplicação de Rede Social na Amazon EC2},
  author={Cunha, M. and Mendonca, N. and Sampaio, A.},
  booktitle={WCGA-XI Workshop em Clouds, Grids e Aplicações (SBRC-2011)},
  year={2011}
}
@inproceedings{beserra2012cloudstep,
  title={Cloudstep: A Step-by-Step Decision Process to Support Legacy Application Migration to the Cloud},
  author={Beserra, P. V. and Camara, A. and Ximenes, R. and Albuquerque, A. B. and Mendonca, N. C.},
  booktitle={IEEE 6th International Workshop on the Maintenance and Evolution of Service-Oriented and Cloud-Based Systems (MESOCA~2012)},
  year={2012},
  organization={IEEE Computer Society}
}
@article{mell2011nist,
  title={The NIST Definition of Cloud Computing},
  author={Mell, P. and Grance, T.},
  journal={Recommendations of the National Institute of Standards and Technology},  
  year={2011},
  month={September},
  publisher={NIST}
}
@InProceedings{li2011,
author = {Li, Ang and Yang, Xiaowei and Kandula, Srikanth and Zhang, Ming},
title = {{CloudCmp: Comparing Public Cloud Providers}},
booktitle = {Internet Measurement Conference},
year = {2010}
}
@inproceedings{jung2013cloudadvisor,
  title={CloudAdvisor: A Recommendation-as-a-Service Platform for Cloud Configuration and Pricing},
  author={Jung, Gueyoung and Mukherjee, Tridib and Kunde, Shruti and Kim, Hyunjoo and Sharma, Naveen and Goetz, Frank},
  booktitle={Services (SERVICES), 203 IEEE Ninth World Congress on},
  pages={456--463},
  year={2013},
  organization={IEEE}
}
@Unpublished{ SPECjvm2008,
	author = "SPEC",
	title = "Java Virtual Machine Benchmark 2008",
	note= "\url{http://www.spec.org/jvm2008/}",
	year = "2008"
}
@article{cunhacloud,
  title={Cloud Crawler: Um Ambiente Program{\'a}vel para Avaliar o Desempenho de Aplica{\c{c}} oes em Nuvens de Infraestrutura},
  author={Cunha, Matheus and Mendon{\c{c}}a, Nabor and Sampaio, Am{\'e}rico},
  year={2013},
  journal={31o Simp{\'o}sio Brasileiro de Redes de Computadores e Sistemas Distribuídos – SBRC 2013 },
}
@inproceedings{fittkau2012cdosim,
  title={CDOSim: Simulating cloud deployment options for software migration support},
  author={Fittkau, Florian and Frey, S{\"o}ren and Hasselbring, Wilhelm},
  booktitle={Maintenance and Evolution of Service-Oriented and Cloud-Based Systems (MESOCA), 2012 IEEE 6th International Workshop on the},
  pages={37--46},
  year={2012},
  organization={IEEE}
}