@inproceedings{cunha2011investigating,
  title={{Investigating the impact of deployment configuration and user demand on a social network application in the Amazon EC2 cloud}},
  OPTauthor={Cunha, Matheus and Mendon{\c{c}}a, Nabor and Sampaio, Am{\'e}rico},
  author={Cunha, Matheus and others},
  OPTbooktitle={Cloud Computing Technology and Science (CloudCom), 2011 IEEE Third International Conference on},
  booktitle={IEEE CloudCom 2011},
  pages={746--751},
  year={2011},
  OPTorganization={IEEE}
}
@MastersThesis{cunha2012ambiente,
  author={Cunha, Matheus Cir{\'i}aco Cerqueira},
  title={{Um Ambiente Program{\'a}vel para Avaliar o Desempenho de Aplica{\c{c}}{\~o}es em Nuvens de Infraestrutura}},
  year={2012},
  school={Universidade de Fortaleza}
}
@inproceedings{cunha2013b,
  title={{A Declarative Environment for Automatic Performance Evaluation in IaaS Clouds}},
  OPTauthor={Cunha, M. and Mendon{\c{c}}a, N. and Sampaio, A.},
  author={Cunha, M. and others},
  OPTbooktitle={Proc. of the IEEE 6th International Conference on Cloud Computing (IEEE CLOUD)},
  OPTseries={IEEE CLOUD},
  booktitle={IEEE CLOUD 2013},
  pages={285--292},
  year={2013},
  OPTorganization={IEEE Computer Society}
}

@inproceedings{iosup2011performance,
  title={{On the performance variability of production cloud services}},
  OPTauthor={Iosup, Alexandru and Yigitbasi, Nezih and Epema, Dick},
  author={Iosup, Alexandru and others},
  OPTbooktitle={Cluster, Cloud and Grid Computing (CCGrid), 2011 11th IEEE/ACM International Symposium on},
  booktitle={IEEE/ACM CCGrid 2011},
  pages={104--113},
  year={2011},
  OPTorganization={IEEE}
}
@inproceedings{jayasinghe2011variations,
  title={{Variations in performance and scalability when migrating n-tier applications to different clouds}},
  OPTauthor={Jayasinghe, Deepal and Malkowski, Simon and Wang, Qingyang and Li, Jack and Xiong, Pengcheng and Pu, Calton},
  author={Jayasinghe, Deepal and others},
  OPTbooktitle={Cloud Computing (CLOUD), 2011 IEEE International Conference on},
  booktitle={IEEE CLOUD 2011},
  pages={73--80},
  year={2011},
  OPTorganization={IEEE}
}
@inproceedings{li2011cloudprophet,
 OPTauthor = {Li, Ang and Zong, Xuanran and Kandula, Srikanth and Yang, Xiaowei and Zhang, Ming},
 author = {Li, Ang and others},
 title = {{CloudProphet: Towards Application Performance Prediction in Cloud}},
 booktitle = {ACM SIGCOMM 2011},
 OPTseries = {SIGCOMM},
 year = {2011},
 pages = {426--427},
 OPTpublisher = {ACM},
 OPTnote={Available at {\footnotesize \url{https://www.cs.duke.edu/~angl/papers/cloudprophet_tr.pdf}}},
 OPTnote={Available at {\footnotesize \url{http://goo.gl/G6SD2r}}}
}
@conference{foster2009cloud,
  title={{Cloud computing and grid computing 360-degree compared}},
  author={Foster, I. and Zhao, Y. and Raicu, I. and Lu, S.},
  booktitle={Grid Computing Environments Workshop, 2008. GCE'08},
  pages={1--10},
  year={2009},
  OPTorganization={Ieee}
}
@article{cearley2010case,
  title={Case Studies in Cloud Computing},
  author={Cearley, D. and Phifer, G.},
  journal={Gartner, March},
  year={2010}
}
@Unpublished{mell2011nist,
  title={{The NIST Definition of Cloud Computing}},
  author={Mell, P. and Grance, T.},
  note={Available at {\footnotesize \url{ http://csrc.nist.gov/publications/nistpubs/800-145/SP800-145.pdf}}},  
  year={2011},
  month={September},
  publisher={National Institute of Standards and Technology}
}
@article{vaquero2008break,
  title={{A break in the clouds: towards a cloud definition}},
  OPTauthor={Vaquero, L.M. and Rodero-Merino, L. and Caceres, J. and Lindner, M.},
  author={Vaquero, L.M. and others},
  journal={ACM SIGCOMM Computer Communication Review},
  volume={39},
  number={1},
  pages={50--55},
  year={2008},
  OPTpublisher={ACM}
}
@article{rodero2010infrastructure,
  title={{From infrastructure delivery to service management in clouds}},
  OPTauthor={Rodero-Merino, Luis and Vaquero, Luis M and Gil, Victor and Gal{\'a}n, Ferm{\'\i}n and Font{\'a}n, Javier and Montero, Rub{\'e}n S and Llorente, Ignacio M},
  author={Rodero-Merino, Luis and others},
  journal={Future Generation Computer Systems},
  volume={26},
  number={8},
  pages={1226--1240},
  year={2010},
  OPTpublisher={Elsevier}
}
@inproceedings{silva2013cloudbench,
  title={{CloudBench: Experiment Automation for Cloud Environments}},
  OPTauthor={Silva, Marcio and Hines, Michael R and Gallo, Diego and Liu, Qi and Ryu, Kyung Dong and da Silva, Dilma},
  author={Silva, Marcio and others},
  OPTbooktitle={Cloud Engineering (IC2E), 2013 IEEE International Conference on},
  booktitle={IEEE IC2E 2013},
  pages={302--311},
  year={2013},
  OPTorganization={IEEE}
}
@Unpublished{ github,
    author = "GitHub",
    title = "{GitHub}",
    note= "{\footnotesize \url{ https://www.github.com/}}",
    year = "2014"
}
@Unpublished{ zoho,
    author = "Zoho",
    title = "{Zoho Creator}",
    note= "{\footnotesize \url{ https://www.zoho.com/}}",
    year = "2014"
}
@Unpublished{ salesforce,
    author = "Salesforce",
    title = "{Salesforce}",
    note= "{\footnotesize \url{ https://www.salesforce.com/}}",
    year = "2014"
}
@Unpublished{ appengine,
	author = "Google",
	title = "{App Engine}",
	note= "{\footnotesize \url{ https://cloud.google.com/appengine/}}",
	year = "2014"
}
@Unpublished{azure,
	author = "Microsoft",
	title = "{Windows Azure Platform}",
	note= "{\footnotesize \url{ http://azure.microsoft.com/}}",
	year = "2014"
}
@Unpublished{ rackspace,
	author = "Rackspace",
	title = {{The Rackspace Cloud}},
	note = {{\footnotesize \url{ http://www.rackspacecloud.com/}}},
	year = {2014},
}
@Unpublished{ rightscale,
	author = "RightScale",
	title = {{Right Scale Cloud Management Platform}},
	note = {{\footnotesize \url{ http://www.rightscale.com/}}},
	year = {2014},
}
@Unpublished{ rightscale_autoscaling ,
	author = "Right Scale",
	title = "{Sales Force}",
	note= "{\footnotesize \url{ http://support.rightscale.com/03-Tutorials/02-AWS/02-Website_Edition/Set_up_Autoscaling_using_Voting_Tags}}",
	year = "2014"
}
@Unpublished{ cloudharmony,
	author = "CloudHarmony",
	title = {{CloudHarmony: Benchmarking the Cloud}},
	OPTnote = {{\footnotesize \url{ http://cloudharmony.com/benchmarks}}}, 
	note = {{\footnotesize \url{http://goo.gl/IHDYxN}}},
	year = {2014}
}
@Unpublished{ cloudops,
	author = "CloudOps",
	title = {{CloudOps}},
	note = {{\footnotesize \url{ http://www.cloudops.com/services/cloudops-research/}}},
	year = {2014}
}
@Article{uni4cloud,
  author = 	 {Am{\'e}rico Sampaio and Matheus Cunha and Nabor Mendon{\c{c}}a and Marcelo Barros and Thiago Leite and Roberto Costa and Michel Vasconcelos},
  title = 	 {{Uni4Cloud - Uma Abordagem para Implanta{\c{c}}{\~a}o de Aplica{\c{c}}{\~o}es sobre M{\'u}ltiplas Nuvens de Infra-estrutura}},
  journal =  {Workshop em Clouds, Grids e Aplica{\c{c}}{\~o}es - Simp{\'o}sio Brasileiro de Redes de Computadores},
  year = 	 {2010},
  OPTmonth = 	 {may}
}
@Unpublished{ ruby,
    author = "Yukihiro Matsumoto",
    title = {{The Ruby Language}},
    note = {{\footnotesize \url{ https://www.ruby-lang.org}}},
    year = {2014}
}
@Unpublished{ rails,
    author = "David Heinemeier Hanson",
    title = {{The Ruby on Rails Framework}},
    note = {{\footnotesize \url{ https://www.rubyonrails.org}}},
    year = {2014}
}
@Unpublished{yml,
    author = "YAML",
    title = {{YAML Specification}},
    note = {{\footnotesize \url{ http://www.yaml.org/spec/1.2/spec.html}}},
    year = {2009}
}
@Unpublished{ ec2,
	author = "Amazon",
	title = {{Amazon Elastic Compute Cloud (EC2)}},
	note = {{\footnotesize \url{http://aws.amazon.com/ec2}}},
	year = {2014}
}
@Unpublished{ s3,
	author = "Amazon",
	title = {{Amazon Simple Storage Service (S3)}},
	note = {{\footnotesize \url{ http://aws.amazon.com/s3}}},
	year = {2012}
}
@Unpublished{ ebs,
	author = "Amazon",
	title = {{Amazon Elastic Block Store (EBS)}},
	note = {{\footnotesize \url{ http://aws.amazon.com/ebs/}}},
	year = {2012}
}
@Unpublished{ amazon_auto,
	author = "Amazon",
	title = {{Amazon Auto Scaling}},
	note = {{\footnotesize \url{ http://aws.amazon.com/autoscaling/}}},
	year = {2012},
}
@Unpublished{ amazon_watch,
	author = "Amazon",
	title = {{Amazon CloudWatch}},
	note = {{\footnotesize \url{ http://aws.amazon.com/cloudwatch/}}},
	year = {2014},
}
@conference{jayasinghe2012,
  title={{Expertus: A Generator Approach to Automate Performance Testing in IaaS Clouds}},
  OPTauthor={Jayasinghe, D. and Swint, G. and Malkowski, S. and Li, J. and Wang, Q. and Park, J. and Pu, C},
  author={Jayasinghe, D. and others},
  OPTbooktitle={Cloud Computing (CLOUD), 2012 IEEE International Conference on},
  booktitle={IEEE CLOUD 2012},
  pages={73--80},
  year={2012},
  OPTorganization={IEEE Computer Society}
}
@inproceedings{sobel2008cloudstone,
  title={{Cloudstone: Multi-platform, multi-language benchmark and measurement tools for web 2.0}},
  author={Sobel, Will and Subramanyam, Shanti and Sucharitakul, Akara and Nguyen, Jimmy and Wong, Hubert and Klepchukov, Arthur and Patil, Sheetal and Fox, Armando and Patterson, David},
  booktitle={Proc. of the 1st Workshop on Cloud Computing and Its Applications (CCA)},
  OPTseries={CCA},
  pages={1--6},
  year={2008}
}
@article{armbrust2010view,
  title={{A view of cloud computing}},
  OPTauthor={Armbrust, M. and Fox, A. and Griffith, R. and Joseph, A.D. and Katz, R. and Konwinski, A. and Lee, G. and Patterson, D. and Rabkin, A. and Stoica, I. and others},
  author={Armbrust, M. and others},
  OPTjournal={Communications of the ACM},
  journal={CACM},
  volume={53},
  number={4},
  pages={50--58},
  year={2010},
  OPTpublisher={ACM}
}
@article{armbrust2009above,
  title={{Above the clouds: A berkeley view of cloud computing}},
  author={Armbrust, M. and Fox, A. and Griffith, R. and Joseph, A.D. and Katz, R.H. and Konwinski, A. and Lee, G. and Patterson, D.A. and Rabkin, A. and Stoica, I. and others},
  journal={EECS Department, University of California, Berkeley, Tech. Rep. UCB/EECS-2009-28},
  year={2009},
  OPTpublisher={Citeseer}
}
@Unpublished{ objectweb2005rubbos,
	author = {OW2},
	title = {RUBBoS: Bulletin board benchmark},
	note = {{\footnotesize \url{ http://jmob.ow2.org/rubbos.html}}},
	year = {2012}
}
@Unpublished{ wordpress,
	author = {WordPress},
	title = {{WordPress}},
	note = {{\footnotesize \url{https://wordpress.org/}}},
	year = {2014}
}
@inproceedings{cunhaavalia,
  title={{Avalia{\c{c}}{\~a}o do Custo por Usu{\'a}rio de uma Aplica{\c{c}}{\~a}o de Rede Social na Amazon EC2}},
  author={Cunha, M. and Mendonca, N. and Sampaio, A.},
  booktitle={WCGA-XI Workshop em Clouds, Grids e Aplica{\c{c}}{\~o}es (SBRC-2011)},
  year={2011}
}
@inproceedings{beserra2012cloudstep,
  title={{Cloudstep: A Step-by-Step Decision Process to Support Legacy Application Migration to the Cloud}},
  OPTauthor={Beserra, P. V. and Camara, A. and Ximenes, R. and Albuquerque, A. B. and Mendonca, N. C.},
  author={Beserra, P. V. and others},
  OPTbooktitle={IEEE 6th International Workshop on the Maintenance and Evolution of Service-Oriented and Cloud-Based Systems (MESOCA~2012)},
  booktitle={IEEE MESOCA 2012},
  pages={7--16},
  year={2012},
  OPTorganization={IEEE Computer Society}
}
@InProceedings{Menasce2009,
    author = {Daniel A. Menasc{\'e} and Paul Ngo},
    title = {{Understanding Cloud Computing: Experimentation and Capacity Planning}},
    OPTbooktitle = {Proc. of the 2009 Computer Measurement Conference Group},
    booktitle = {CMG 2009},
    year = {2009}
}
@InProceedings{li2011,
  OPTauthor = {Li, Ang and Yang, Xiaowei and Kandula, Srikanth and Zhang, Ming},
  author = {Li, Ang and others},
  title = {{CloudCmp: Comparing Public Cloud Providers}},
  OPTbooktitle = {Proc. of the 10th ACM SIGCOMM Internet Measurement Conference (IMC)},
  booktitle = {ACM SIGCOMM IMC 2010},
  OPTseries={IMC},
  pages={1--14},
  year = {2010}
}
@article{Zhang2010,
  title={{Cloud computing: state-of-the-art and research challenges}},
  OPTauthor={Zhang, Q. and Cheng, L. and Boutaba, R.},
  author={Zhang, Q. and others},
  journal={Journal of Internet Services and Applications},
  volume={1},
  number={1},
  pages={7--18},
  year={2010},
  OPTpublisher={Springer}
}
@inproceedings{jung2013cloudadvisor,
  title={{CloudAdvisor: A Recommendation-as-a-Service Platform for Cloud Configuration and Pricing}},
  OPTauthor={Jung, Gueyoung and Mukherjee, Tridib and Kunde, Shruti and Kim, Hyunjoo and Sharma, Naveen and Goetz, Frank},
  author={Jung, Gueyoung and others},
  OPTbooktitle={Services (SERVICES), 2013 IEEE 9th World Congress on},
  booktitle={IEEE SERVICES 2013},
  pages={456--463},
  year={2013},
  OPTorganization={IEEE}
}
@Unpublished{ SPECjvm2008,
	author = "SPEC",
	title = "Java Virtual Machine Benchmark 2008",
	note= "{\footnotesize \url{ http://www.spec.org/jvm2008/}}",
	year = "2008"
}

@article{Murugesan2014,
  title={{The Rise of the Clouds: Progress and Prospects}},
  author={Murugesan, S. and Bojanova, I.},
  journal={Computing Now},
  volume={7},
  number={8},
  OPTpages={},
  month=aug,
  year={2014},
  OPTpublisher={IEEE Computer Society},
  note={Available online at {\footnotesize \url{ http://www.computer.org/portal/web/computingnow/archive/august2014}}.}
}

@article{scheuner2014cloud,
  title={{Cloud WorkBench -- Infrastructure-as-Code Based Cloud Benchmarking}},
  OPTauthor={Scheuner, Joel and Leitner, Philipp and Cito, Jurgen and Gall, Harald},
  author={Scheuner, Joel and others},
  journal={arXiv preprint arXiv:1408.4565},
  year={2014}
}
@inproceedings{cunhacloud,
  title={{Cloud Crawler: Um Ambiente Program{\'a}vel para Avaliar o Desempenho de Aplica{\c{c}}{\~o}es em Nuvens de Infraestrutura}},
  OPTauthor={Cunha, Matheus and Mendon{\c{c}}a, Nabor and Sampaio, Am{\'e}rico},
  author={Cunha, Matheus and others},
  year={2013},
  pages={747--760},
  OPTbooktitle={31o. Simp{\'o}sio Brasileiro de Redes de Computadores e Sistemas Distribu{\'i}dos (SBRC)},
  booktitle={SBRC 2013},
}
@book{huttermann2012devops,
  title={{DevOps for developers}},
  author={H{\"u}ttermann, Michael},
  volume={1},
  year={2012},
  publisher={Springer}
}
@article{perez2011knowledge,
  title={Knowledge Discovery Metamodel-ISO/IEC 19506: A standard to modernize legacy systems},
  author={P{\'e}rez-Castillo, Ricardo and De Guzman, Ignacio Garcia-Rodriguez and Piattini, Mario},
  journal={Computer Standards \& Interfaces},
  volume={33},
  number={6},
  pages={519--532},
  year={2011},
  OPTpublisher={Elsevier}
}
@Unpublished{ eucalyptus,
    author = "Eucalyptus",
    title = {Eucalyptus The Open Source Cloud Plataform},
    note = {{\footnotesize \url{ http://open.eucalyptus.com/}}},
    year = {2014},
}
@Unpublished{ openstack,
    author = "openstack",
    title = {openstack},
    note = {{\footnotesize \url{ http://openstack.org/}}},
    year = {2014},
}
@Unpublished{ opennebula,
    author = "OpenNebula",
    title = {Open Source Tookit for Cloud Computing},
    note = {{\footnotesize \url{ http://www.opennebula.org}}},
    year = {2014}
}
@article{avetisyan2010open,
  title={Open cirrus: A global cloud computing testbed},
  author={Avetisyan, Arutyun I and Campbell, Roy and Gupta, Indranil and Heath, Michael T and Ko, Steven Y and Ganger, Gregory R and Kozuch, Michael A and O'Hallaron, David and Kunze, Marcel and Kwan, Thomas T and others},
  journal={Computer},
  volume={43},
  number={4},
  pages={35--43},
  year={2010},
  OPTpublisher={IEEE Computer Society}
}
@inproceedings{malkowski2010cloudxplor,
  title={{CloudXplor: A tool for configuration planning in clouds based on empirical data}},
  OPTauthor={Malkowski, S. and Hedwig, M. and Jayasinghe, D. and Pu, C. and Neumann, D.},
  author={Malkowski, S. and others},
  OPTbooktitle={2010 ACM Symposium on Applied Computing (SAC)},
  booktitle={ACM SAC 2010},
  pages={391--398},
  year={2010},
  OPTorganization={ACM}
}

@inproceedings{GoncalvesJunior2015,
  title={{A Multi-Criteria Approach for Assessing Cloud Deployment Options Based on Non-Functional Requirements}},
  OPTauthor={{Gon{\c{c}}alves Junior}, R. and Rolim, T. and Sampaio, A. and Mendon{\c{c}}a, N. C.},
  author={{Gon{\c{c}}alves Junior}, R. and others},
  OPTbooktitle={2015 ACM Symposium on Applied Computing (SAC)},
  booktitle={ACM SAC 2015},
  OPTpages={},
  year={2015},
  OPTnote={To appear.},
  OPTorganization={ACM}
}
@inproceedings{fittkau2012cdosim,
  title={{CDOSim: Simulating cloud deployment options for software migration support}},
  OPTauthor={Fittkau, Florian and Frey, S{\"o}ren and Hasselbring, Wilhelm},
  author={Fittkau, Florian and others},
  OPTbooktitle={Maintenance and Evolution of Service-Oriented and Cloud-Based Systems (MESOCA), 2012 IEEE 6th International Workshop on the},
  booktitle={IEEE MESOCA 2012},
  pages={37--46},
  year={2012},
  OPTorganization={IEEE}
}
@book{gamma,
  title={Design patterns: elements of reusable object-oriented software},
  author={Gamma, Erich and Helm, Richard and Johnson, Ralph and Vlissides, John},
  year={1994},
  publisher={Pearson Education}
}
@book{Baeza-Yates1999,
 author = {Baeza-Yates, Ricardo A. and Ribeiro-Neto, Berthier},
 title = {Modern Information Retrieval},
 year = {1999},
 OPTisbn = {020139829X},
 publisher = {Addison-Wesley Longman Publishing Co., Inc.},
 address = {Boston, MA, USA},
} 
@article{powers2011evaluation,
  title={{Evaluation: from precision, recall and F-measure to ROC, informedness, markedness and correlation}},
  author={Powers, David Martin},
  year={2011},
  journal={Journal of Machine Learning Technologies},
  volume={2},
  number={1},
  pages={37--63}
}
